<collection xmlns="http://www.loc.gov/MARC21/slim">
<record>
  <leader>01049nam0a22002291i 450 </leader>
  <controlfield tag="001">IT\ICCU\CNCE\070885</controlfield>
  <controlfield tag="005">20070607000000.0</controlfield>
  <datafield tag="012" ind1=" " ind2=" ">
    <subfield code="a">.2.b .bsi reo, sesi (3) 1559 (A)</subfield>
    <subfield code="2">fei</subfield>
  </datafield>
  <datafield tag="100" ind1=" " ind2=" ">
    <subfield code="a">20070606d1559        0itac0103    ba</subfield>
  </datafield>
  <datafield tag="101" ind1=" " ind2=" ">
    <subfield code="a">ITA</subfield>
  </datafield>
  <datafield tag="102" ind1=" " ind2=" ">
    <subfield code="a">IT</subfield>
  </datafield>
  <datafield tag="200" ind1="1" ind2=" ">
    <subfield code="a">Lutio Giunio moderato columella de l&apos;agricoltura. Libri XII. Trattato de gli alberi del medesimo, tradotto nuouamente di latino in lingua italiana per Pietro Lauro Modonese</subfield>
  </datafield>
  <datafield tag="210" ind1=" " ind2=" ">
    <subfield code="a">In Venetia</subfield>
    <subfield code="c">per Gironimo Caualcalouo</subfield>
    <subfield code="d">1559</subfield>
  </datafield>
  <datafield tag="215" ind1=" " ind2=" ">
    <subfield code="a">\7!, 262 c.</subfield>
    <subfield code="d">8\</subfield>
  </datafield>
  <datafield tag="300" ind1=" " ind2=" ">
    <subfield code="a">Annullata vedi 12850Ill. xilogr. sul front. -  Segn.: \simbolo!8 A-2K8</subfield>
  </datafield>
  <datafield tag="620" ind1=" " ind2=" ">
    <subfield code="a">IT</subfield>
    <subfield code="d">Venezia</subfield>
  </datafield>
  <datafield tag="700" ind1=" " ind2="1">
    <subfield code="a">Columella,</subfield>
    <subfield code="b">Lucius Iunius Moderatus</subfield>
    <subfield code="3">IT\ICCU\CNCA\003412</subfield>
  </datafield>
  <datafield tag="712" ind1="0" ind2="0">
    <subfield code="a">Cavalcalupo, Girolamo</subfield>
    <subfield code="3">IT\ICCU\CNCT\000657</subfield>
    <subfield code="4">650</subfield>
  </datafield>
  <datafield tag="791" ind1="0" ind2="0">
    <subfield code="a">Cavalcalupus, Hieronymus</subfield>
    <subfield code="3">IT\ICCU\CNCT\004551</subfield>
    <subfield code="z">Cavalcalupo, Girolamo</subfield>
  </datafield>
  <datafield tag="791" ind1="0" ind2="0">
    <subfield code="a">Cavalcalovo, Geronimo</subfield>
    <subfield code="3">IT\ICCU\CNCT\004552</subfield>
    <subfield code="z">Cavalcalupo, Girolamo</subfield>
  </datafield>
  <datafield tag="801" ind1=" " ind2="3">
    <subfield code="a">IT</subfield>
    <subfield code="b">ICCU</subfield>
    <subfield code="c">20201115</subfield>
  </datafield>
  <datafield tag="899" ind1=" " ind2=" ">
    <subfield code="a">Biblioteca del Ritiro S. Maria degli angeli. Sora</subfield>
    <subfield code="1">FR0136</subfield>
    <subfield code="2">RMS R8</subfield>
  </datafield>
</record>
</collection>
